@misc{llvm,
  title = {The LLVM Compiler Infrastructure},
  howpublished = {\url{https://llvm.org/}}
}

@misc{crc,
  title = {A Painless Guide to CRC Error Detection Algorithms},
  howpublished = {\url{https://www.zlib.net/crc_v3.txt}}
}

@misc{riscv,
  title = {RISC-V International},
  howpublished = {\url{https://riscv.org/}}
}
