@misc{qemu,
title = {{GNU QEMU}},
note = {on-line at: \url{https://www.qemu.org/}},
author = {The QEMU Project Developers}
}

@misc{extending_llvm,
title = {{Extending LLVM: Adding instructions, intrinsics, types, etc.}},
note = {on-line at: \url{https://llvm.org/docs/ExtendingLLVM.html}},
author = {The LLVM Foundation}
}

@misc{patch_about_crc_support,
title = {{RISC-V: Added support for CRC.}},
note = {on-line at: \url{https://www.mail-archive.com/gcc-patches@gcc.gnu.org/msg315381.html}},
author={Mariam Harutyunyan}
}

@misc{cyclic_codes,
title = {{Cyclic Codes}},
note = {on-line at: \url{https://users.math.msu.edu/users/halljo/classes/codenotes/Cyclic.pdf}},
author = {Michigan State University}
}

@misc{arm_processor,
title = {{ARM: Microprocessor Cores and Processor Technology}},
note = {on-line at: \url{https://www.arm.com/products/silicon-ip-cpu}},
author = {Arm Limited (or its affiliates).}
}

@misc{ethernet_protocol,
title = {{Ethernet Protocol - an overview}},
note = {on-line at: \url{https://www.sciencedirect.com/topics/computer-science/ethernet-protocol}},
author = {Elsevier B.V.}
}

@misc{chisel,
title = {{Chisel Software-defined hardware}},
note = {on-line at: \url{https://www.chisel-lang.org/}},
author = {ChipsAlliance}
}

@misc{riscv_processor,
title = {{What is a RISC-V processor?}},
note = {on-line at: \url{https://codasip.com/glossary/risc-v-processors/}},
author = {Codasip}
}

@misc{riscv_isa_publication,
title = {{The RISC-V Instruction Set Manual, Volume I: Base User-Level ISA}},
note = {on-line at: \url{https://people.eecs.berkeley.edu/~krste/papers/EECS-2011-62.pdf}},
author = {Andrew Waterman Yunsup Lee David A. Patterson Krste Asanovic}
}

@misc{riscv_international,
title = {{History of RISC-V}},
note = {on-line at: \url{https://riscv.org/about/history/}},
author = {RISC-V International}
}

@misc{isa,
title = {{RISCV ISA: Specifications}},
note = {on-line at: \url{https://riscv.org/technical/specifications/}},
author = {RISC-V International}
}

@misc{bluetooth,
title = {{What is Bluetooth and how do I use it?}},
note = {on-line at: \url{https://www.samsung.com/uk/support/mobile-devices/what-is-bluetooth/}},
author = {Samsung. All rights reserved.}
}

@misc{raid,
title = {{RAID (redundant array of independent disks)}},
note = {on-line at: \url{https://www.techtarget.com/searchstorage/definition/RAID}},
author = {TechTarget}
} 

@misc{intel_processor,
title = {{Intel Processors for PC, Laptops, Servers, and AI}},
note = {on-line at: \url{https://www.intel.com/content/www/us/en/products/details/processors.html}},
author = {Intel Corporation}
}

@misc{mips_processor,
title = {{MIPS Processor, RISC-V, Innovate Compute}},
note = {on-line at: \url{https://mips.com/products/hardware/}},
author = {MIPS All rights reserved}
}

@misc{riscv_bitmanip,
title = {{RISC-V Bit-manipulation A, B, C and S Extensions}},
note = {on-line at: \url{https://five-embeddev.com/riscv-bitmanip/1.0.0/bitmanip.html}},
author = {RISC-V Foundation}
}

@misc{llvm_testing,
  title={{LLVM Testing Infrastructure Guide}},
  note={on-line at: \url{https://llvm.org/docs/TestingGuide.html}},
  author={The LLVM Foundation}
}

@misc{gcc,
title = {{GNU gcc}},
note = {on-line at: \url{http://gcc.gnu.org/}},
     author = {Free Software Foundation},
     year = {2013}
}

@misc{rustc,
title = {{Rust Compiler Development Guide}},
note = {on-line at: \url{https://rustc-dev-guide.rust-lang.org/getting-started.html}},
     author = {Free Software Foundation}
}

@misc{graalvm,
title = {{What is Oracle GraalVM?}},
note = {on-line at: \url{https://www.oracle.com/java/graalvm/what-is-graalvm/}},
     author = {Oracle},
     year = 2024
}

@misc{mojo,
title = {{Mojo Programming Language}},
note = {on-line at: \url{https://www.modular.com/max/mojo}},
     author = {Modular Inc},
     year = {2024}
}

@misc{acm,
title = {{ACM Software System Award}},
note = {on-line at: \url{https://awards.acm.org/software-system}},
     author = {ACM Inc},
     year = {2024}
}

@book{cooper2022engineering,
  title={Engineering a Compiler},
  author={Cooper, K.D. and Torczon, L.},
  isbn={9780128189269},
  url={https://books.google.rs/books?id=xcJrEAAAQBAJ},
  year={2022},
  publisher={Elsevier Science}
}

@book{brown2011architecture,
  title={The Architecture of Open Source Applications: Elegance, Evolution, and a Few Fearless Hacks},
  series={The Achrictecture of Open Source Applications},
  chapter = {11},
  author={Brown, Amy and Wilson, Greg},
  isbn={9781257638017},
  year={2011},
  publisher={Creative Commons}
}



@misc{what_is_crc,
  title={{What Is Cyclic Redundancy Check (CRC), and It’s Role in Checking Error}},
  note={on-line at: \url{https://www.simplilearn.com/tutorials/networking-tutorial/what-is-cyclic-redundancy-check}},
  author={Simplilearn Solutions. All Rights Reserved.}
}

@misc{llvm,
  title={{The LLVM Compiler Infrastructure}},
  note={on-line at: \url{https://llvm.org/}},
  author={The LLVM Foundation}
}

@misc{mlir,
  title={{MLIR - Multi-Level Intermediate Representation Overview}},
  note={on-line at: \url{https://mlir.llvm.org/}},
  author = {The MLIR Team}
  
}

@misc{klee,
  title={{KLEE Symbolic Execution Engine}},
  note={on-line at: \url{https://klee-se.org/}},
  author = {The KLEE Team}
}

@misc{polly,
  title={{Polly - LLVM Framework for High-Level Loop and Data-Locality Optimizations}},
  note={on-line at: \url{https://polly.llvm.org/}},
  author = {}
}

@misc{dependence_analysis,
  title={{Dependence Analysis}},
  note={on-line at: \url{https://www.sciencedirect.com/topics/computer-science/dependence-analysis}},
  author={EduRev - Education Revolution}
}

@misc{pointer_analysis,
  title={{Pointer-Analysis}},
  note={on-line at: \url{https://www.geeksforgeeks.org/pointer-analysis/}},
  author={GeeksforGeeks}
}

@misc{what_is_riscv,
  title={{What is RISC-V?}},
  note={on-line at: \url{https://www.synopsys.com/glossary/what-is-risc-v.html}},
  author={Synopsys, Inc. All Rights Reserved }
}

@misc{alias_analysis,
  title={{LLVM Alias Analysis Infrastructure}},
  note={on-line at: \url{https://llvm.org/docs/AliasAnalysis.html}},
  author={The LLVM Foundation}
}

@misc{data_flow_analysis,
  title={{Introduction: Data Flow Analysis}},
  note={on-line at: \url{https://edurev.in/t/187294/Introduction-Data-Flow-Analysis}},
  author={Science Direct}
}

@misc{openmp,
  title={{Welcome to the documentation of OpenMP in LLVM!}},
  note={on-line at: \url{https://openmp.llvm.org/}},
  author = {LLVM/OpenMP}
}

@misc{nvidia,
  title={{CUDA LLVM Compiler}},
  note={on-line at: \url{https://developer.nvidia.com/cuda-llvm-compiler}},
  author={Nvidia Corporation},
  year={2024}
}

@misc{google,
  title={{Google Is Hiring More LLVM/Clang Developers}},
  note={on-line at: \url{https://www.phoronix.com/news/Google-More-LLVM-Developers}},
  author={Phoronix Media}
}

@misc{apple,
  title={{Apple's other open secret: the LLVM Compiler}},
  note={on-line at: \url{https://appleinsider.com/articles/08/06/20/apples_other_open_secret_the_llvm_complier}},
  author={Quiller Media, Inc.},
  year={2024}
}

@book{dragon_book,
author = {Aho, Alfred V. and Lam, Monica S. and Sethi, Ravi and Ullman, Jeffrey D.},
title = {Compilers: Principles, Techniques, and Tools (2nd Edition)},
year = {2006},
isbn = {0321486811},
publisher = {Addison-Wesley Longman Publishing Co., Inc.},
address = {USA}
}

@article{backend_quote,
  title={How do compilers work 3 — Back end},
  note={on-line at: \url{https://medium.com/@ChrisCanCompute/how-do-compilers-work-3-back-end-bcd860b849d9}},
  author={Chris Arnott},
  journal = {Medium},
  year = {2017}
}

@article{middleend_quote,
  title={How do compilers work 2 — Middle end},
  note={on-line at: \url{https://medium.com/@ChrisCanCompute/how-do-compilers-work-2-middle-end-c4c8cff80b90}},
  author={Chris Arnott},
  journal = {Medium},
  year = {2017}
}

@article{frontend_quote,
  title={How do compilers work 1 — Front end},
  note={on-line at: \url{https://medium.com/@ChrisCanCompute/how-do-compilers-work-1-front-end-5c308b56c44c}},
  author={Chris Arnott},
  journal = {Medium},
  year = {2017}
}

@misc{mir_documentation,
  title={{Machine IR (MIR) Format Reference Manual}},
  note={on-line at: \url{https://llvm.org/docs/MIRLangRef.html}},
  author={The LLVM Foundation}
}

@misc{ast,
  title={{Abstract Syntax Tree vs Parse Tree}},
  note={on-line at: \url{https://www.geeksforgeeks.org/abstract-syntax-tree-vs-parse-tree/}},
  author={GeeksforGeeks}
}

@misc{filecheck,
  title={{FileCheck - Flexible pattern matching file verifier}},
  note={on-line at: \url{https://llvm.org/docs/CommandGuide/FileCheck.html}},
  author={The LLVM Foundation}
}

@misc{test_suite,
  title={{test-suite Guide}},
  note={on-line at: \url{https://www.llvm.org/docs/TestSuiteGuide.html}},
  author={The LLVM Foundation}
}

@misc{llvm_lld,
  title={{LLD - The LLVM Linker}},
  note={on-line at: \url{https://lld.llvm.org/}},
  author={The LLVM Foundation}
}

@misc{llvm_core,
  title={{LLVM Core Libraries}},
  note={on-line at: \url{https://llvm.org/docs/doxygen/group__LLVMCCore.html}},
  author={The LLVM Foundation}
}

@misc{clang,
  title={{Clang: a C language family frontend for LLVM}},
  note={on-line at: \url{https://clang.llvm.org/}},
  author={The LLVM Foundation}
}

@misc{lldb,
  title={{The LLDB Debugger}},
  note={on-line at: \url{https://lldb.llvm.org/}},
  author={The LLVM Foundation}
}

@misc{llvmlangref,
  title={{LLVM Language Reference Manual}},
  note={on-line at: \url{https://llvm.org/docs/LangRef.html}},
  author={The LLVM Foundation}
}

@misc{mirlangref,
  title={{Machine IR (MIR) Format Reference Manual}},
  note={on-line at: \url{https://www.llvm.org/docs/MIRLangRef.html}},
  author={The LLVM Foundation}
}

@book{pandey2017cookbook,
  title={LLVM cookbook: Over 80 engaging recipes that will help you build a compiler frontend, optimizer, and code generator using LLVM},
  author={Pandey, Mayur and Sarda, Suyog},
  isbn={9788960772106},
  year={2017},
  publisher={PACKT}
}

@book{aho2006compilers,
  title={Compilers: Principles, Techniques, and Tools},
  author={Aho, Alfred V. and Lam, Monica S. and Sethi, Ravo and Ullman, Jeffrey D.},
  year={2006},
  isbn={9780321486813},
  publisher={Addison Wesley},
  edition        = {2nd edition},
}

@book{lopes2014llvmcorelibs,
author = {Lopes, Bruno Cardoso and Auler, Rafael},
title = {Getting Started with LLVM Core Libraries},
year = {2014},
isbn = {1782166920},
publisher = {Packt Publishing},
abstract = {Get to grips with LLVM essentials and use the core libraries to build advanced tools About This BookLearn how to configure, build, and use LLVM and Clang based toolsExplore the depths of the LLVM front-end, IR, code generator, and libraries, and learn how a modern compiler is implemented in a practical way.Customize your project to benefit from Just in Time compilation (JIT), static analysis and source-to-source transformations.Who This Book Is ForThis book is intended for enthusiasts, computer science students, and compiler engineers interested in learning about the LLVM framework. You need a background in C++ and, although not mandatory, should know at least some compiler theory. Whether you are a newcomer or a compiler expert, this book provides a practical introduction to LLVM and avoids complex scenarios. If you are interested enough and excited about this technology, then this book is definitely for you. In Detail LLVM is a bleeding edge compiler technology framework. Easily extendable and designed as a multitude of libraries, LLVM provides a smooth experience for compiler newcomers and reduces the steep learning curve often associated with compiler development.To start, this book will show you how to configure, build, and install LLVM libraries, tools, and external projects. Next, you will be introduced to LLVM design and how it works in practice throughout each LLVM compiler stage: frontend, IR, backend, the JIT engine, cross-compilation capabilities, and the plugin interface. With multiple hands-on examples and source code snippets, Getting Started with LLVM Core Libraries ensures a solid and smooth first step into the LLVM compiler development environment.}
}

@techreport{stulova2019overview,
  title={An Overview of Clang},
  author={Stulova, Anastasia and van Haastregt, Sven},
  institution={Arm, Cambridge, UK},
  year={2019}
}


@book{ukkonen1993suffix,
  title={On-line Construction of Suffix-trees},
  author={Ukkonen, E.},
  isbn={9789514563843},
  series={Series of publications / University of Helsinki, Department of Computer Science. A},
  url={https://books.google.rs/books?id=01O5AAAACAAJ},
  year={1993},
  publisher={University of Helsinki, Department of Computer Science}
}

@book{grune2012design,
author = {Grune, Dick and Reeuwijk, Kees van and Bal, Henri E. and Jacobs, Ceriel J.H. and Langendoen, Koen},
title = {Modern Compiler Design},
year = {2012},
isbn = {1461446988},
publisher = {Springer Publishing Company, Incorporated},
edition = {2nd},
abstract = {"Modern Compiler Design" makes the topic of compiler design more accessible by focusing on principles and techniques of wide application. By carefully distinguishing between the essential (material that has a high chance of being useful) and the incidental (material that will be of benefit only in exceptional cases) much useful information was packed in this comprehensive volume. The student who has finished this book can expect to understand the workings of and add to a language processor for each of the modern paradigms, and be able to read the literature on how to proceed. The first provides a firm basis, the second potential for growth.}
}

@article{Zhao2005FunctionOA,
  title={Function outlining and partial inlining},
  author={Peng Zhao and Jos{\'e} Nelson Amaral},
  journal={17th International Symposium on Computer Architecture and High Performance Computing (SBAC-PAD'05)},
  year={2005},
  pages={101-108}
}

@misc{paquette2016machineoutliner,
  title={{Interprocedural MIR-level outlining pass}},
  author={Jessica Paquette},
  note={on-line at: \url{https://lists.llvm.org/pipermail/llvm-dev/2016-August/104170.html}},
  year={2016}
}

@misc{litteken2020iroutliner,
  title={{Framework for Finding and Using Similarity at the IR Level}},
  author={Andrew Litteken},
  note={on-line at: \url{https://lists.llvm.org/pipermail/llvm-dev/2020-September/144779.html}},
  year={2020}
}

@manual{dwarf5,
  title={DWARF Debugging Information Format Version 5},
  organization={DWARF Debugging Information Format Committee},
  date={February 13, 2017},
  url={https://dwarfstd.org/dwarf5std.html}
}

@book{sarda2015llvm_essentials,
  title={LLVM Essentials},
  author={Sarda, S. and Pandey, M.},
  isbn={9781785280801},
  series={Community experience distilled},
  url={https://books.google.rs/books?id=sGhmjwEACAAJ},
  year={2015},
  publisher={Packt Publishing}
}

@misc{lit,
  title={{lit - LLVM Integrated Tester}},
  note={on-line at: \url{https://www.llvm.org/docs/CommandGuide/lit.html}},
  author={The LLVM Foundation}
}

@book{rastello2022ssa,
  title={SSA-based Compiler Design},
  author={Rastello, F. and Tichadou, F.B.},
  isbn={9783030805159},
  year={2022},
  publisher={Springer International Publishing}
}

@book{nacke2021learn,
  title={Learn LLVM 12: A Beginner's Guide to Learning LLVM Compiler Tools and Core Libraries with C++},
  author={Nacke, K.},
  isbn={9781839213502},
  year={2021},
  publisher={Packt Publishing, Limited}
}

@misc{vscode,
  title = {{Visual Studio Code}},
  note = {on-line at: \url{https://code.visualstudio.com/}},
  author = {Microsoft}
}